@misc{ctime, url={https://cplusplus.com/reference/ctime/time/}, journal={cplusplus.com}}
@misc{randmax, url={https://cplusplus.com/reference/cstdlib/RAND_MAX/}, journal={cplusplus.com}}
@article{Lemire_2019, title={Fast random integer generation in an interval}, volume={29}, DOI={10.1145/3230636}, number={1}, journal={ACM Transactions on Modeling and Computer Simulation}, author={Lemire, Daniel}, year={2019}, month={Jan}, pages={1â€“12}} 
@article{Sebastiano_2019, DOI={arXiv:1910.06437}, journal={It is high time we let go of the Mersenne Twister}, author={Sebastiano, Vigna}, year={2019}, month={Oct}} 
@article{Steele_Lea_Flood_2014, title={Fast splittable pseudorandom number generators}, DOI={10.1145/2660193.2660195}, journal={Proceedings of the 2014 ACM International Conference on Object Oriented Programming Systems Languages &amp; Applications}, author={Steele, Guy L. and Lea, Doug and Flood, Christine H.}, year={2014}, month={Oct}} 
@misc{Forisek_2014, title={Internet Problem Solving Contest 2014 Solutions Problem H Hashsets}, url={https://ipsc.ksp.sk/2014/real/solutions/booklet.pdf}, journal={Internet Problem Solving Contest}, author={Forisek, Michal}, year={2014}} 
@misc{Rutschmann_2018, title={On the mathematics behind rolling hashes and anti-hash tests}, url={https://codeforces.com/blog/entry/60442}, journal={Codeforces}, author={Rutschmann, Daniel}, year={2018}, month={Jul}} 
@misc{Wikipedia_2024, url={https://en.wikipedia.org/wiki/Thue%E2%80%93Morse_sequence}, journal={Wikipedia}, publisher={Wikimedia Foundation}, year={2024}, month={May}} 
@misc{Wu_2018, title={Blowing up unordered_map, and how to stop getting hacked on it}, url={https://codeforces.com/blog/entry/62393}, journal={Codeforces}, author={Wu, Neal}, year={2018}, month={Oct}} 